%Websites
@misc{ovswitch,
      title ={Production Quality, Multilayer Open Virtual Switch},
      howpublished ={Available at \url{http://www.openvswitch.org/}(2019/04/02)}}
      
@misc{mininet,
      title ={Introduction to Mininet},
      howpublished ={Available at \url{https://github.com/mininet/mininet/wiki/Introduction-to-Mininet}(2019/04/04)}}
      
@article{covisor,
         author = {Xin Jin, Jennifer Gossels, Jennifer Rexford and David Walker},
         title = {{CoVisor}: A Compositional Hypervisor for Software-Defined Networks},
         journal = {Princeton University},
         year = {2015},
         month = {February},
         pages = {}}
         
@inproceedings{vertigo,
    author = {Doriguzzi Corin, Roberto and Gerola, Matteo and Riggio, Roberto and De Pellegrini, Francesco and Salvadori, Elio},
    year = {2012},
    month = {October},
    pages = {24-29},
    title = {{VeRTIGO}: Network virtualization and beyond},
    booktitle = {EWSDN 2012 - European Workshop on Software Defined Networks},
    isbn = {978-1-4673-4554-5},
    doi = {10.1109/EWSDN.2012.19}}

@article{radiovisor,
    author = {Sachin Katti, Li Erran Li},
    title = {{RadioVisor}: A Slicing Plane For Radio Access Networks},
    year = {2014},
    month = {February},
    journal = {Standford University}}
    
@article{softran,
    author = {Aditya Gudipati, Daniel Perry, Li Erran Li, Sachin Katti},
    title = {{SoftRAN}: Software Defined Radio Access Network},
    year = {2013},
    month = {June},
    journal = {Standford University}}
    
@inproceedings{autoslice,
    author = {Zdravko Bozakov, Panagiotis Papadimitriou},
    title = {{AutoSlice}: Automated and Scalable Slicing for Software-Defined Networks},
    booktitle = {Conference on Emerging Networking Experiments and Technologies},
    year = {2012},
    month = {October},
    pages = {3-4}}
    
@inproceedings{advisor,
    author = {Salvadori, Elio and Doriguzzi Corin, Roberto and Broglio, Attilio and Gerola, Matteo},
    year = {2011},
    month = {December},
    pages = {1-6},
    title = {Generalizing Virtual Network Topologies in {OpenFlow}-Based Networks},
    booktitle = {Global Communications Conference},
    doi = {10.1109/GLOCOM.2011.6134525}}
    
@misc{spanish_government_defensa_2007, 
    title = {Defensa de la Competencia},
    author = {{Spanish Government}}, 
    month = {July},
    year = {2007}, 
    howpublished ={Available at \url{https://www.boe.es/diario_boe/txt.php?id=BOE-A-2007-12946}(2019/06/07)}}
    
@misc{flowvisor_github, 
    title = {{FlowVisor's} Wiki},
    month = {June},
    year = {2013}, 
    howpublished ={Available at \url{https://github.com/OPENNETWORKINGLAB/flowvisor/wiki}(2019/06/17)}}
    
@misc{nox, 
    title = {About {NOX}},
    author = {Murphy McCauley}, 
    month = {June},
    year = {2012}, 
    howpublished ={Available at \url{https://web.archive.org/web/20150502163019/http://www.noxrepo.org/nox/about-nox/}(2019/06/17)}}
    
@misc{opendaylight, 
    title = {{OpenDaylight}},
    howpublished ={Available at \url{https://www.opendaylight.org/what-we-do/current-release/neon}(2019/06/18)}}
    
@article{beacon,
    author = {David Erickson},
    title = {The Beacon {OpenFlow} Controller},
    year = {2013},
    month = {June},
    journal = {Standford University}}
    
@misc{flowvisor_example, 
    title = {FlowVisor Exercise},
    month = {April},
    year = {2013},
    howpublished ={Available at \url{https://github.com/onstutorial/onstutorial/wiki/Flowvisor-Exercise}(2019/06/20)}}
    
@misc{lorawan, 
    title = {{LoRaWAN} Specification v1.1},
    month = {October},
    year = {2017},
    howpublished ={Available at \url{https://lora-alliance.org/sites/default/files/2018-04/lorawantm_specification_-v1.1.pdf}(2019/07/5)}}
    
@misc{mqtt_specfication, 
    title = {{MQTT} Version 5.0 Oasis Standard},
    month = {March},
    year = {2019},
    howpublished ={Available at \url{https://docs.oasis-open.org/mqtt/mqtt/v5.0/mqtt-v5.0.pdf}(2019/07/5)}}
    
@misc{ovs_website, 
    title = {{OpenFlow} Website},
    howpublished ={\url{http://www.openvswitch.org/}(2019/07/5)}}
    
@misc{mininet_website, 
    title = {Mininet Website},
    howpublished ={\url{http://mininet.org/}(2019/07/5)}}
    
@misc{openflow_specfication, 
    author = {Open Networking Foundation},
    title = {{OpenFlow} Switch Specification v1.5.0},
    month = {December},
    year = {2014},
    howpublished ={Available at \url{https://www.opennetworking.org/images/stories/downloads/sdn-resources/onf-specifications/openflow/openflow-switch-v1.5.0.noipr.pdf}(2019/07/5)}}
    
@misc{lora_website, 
    title = {{LoRa} Overview},
    howpublished ={\url{https://www.semtech.com/lora}(2019/07/5)}}